03300000         2410969820001440033227100490679498002271 0000130439749 7S FUNDO DE INVESTIMENTO EM DISANTANDER                               20506202302251700042306000000                                                                     
03300011C2003031 2410969820001440033227100490679498002271 0000130439749 7S FUNDO DE INVESTIMENTO EM DI                                                                      00000                                   00000000                    
0330001300001A00001834100144 000000130812  COLOR VISAO DO BRASIL INDUSTRI6293989             05062023BRL0000000000000000000000765719781001524000100001    05062023000000076571978                                        01          000        
0330001300002B   247747969000194                              00000                                                  00000000  050620230000000765719780000000000000000000000000000000000000000000000000000000000000000                          
0330001300003ZE7AC3A122AB8D27241D0600                                         PGTFORNB05062023900000414                                                                                                                               00        
0330001300004A00001834100144 000000130812  COLOR VISAO DO BRASIL INDUSTRI6293990             05062023BRL0000000000000000000001744598061001524000100003    05062023000000174459806                                        01          000        
0330001300005B   247747969000194                              00000                                                  00000000  050620230000001744598060000000000000000000000000000000000000000000000000000000000000000                          
0330001300006ZE7AC3A12E0A9BC01A59CCBE                                         PGTFORNB05062023900000415                                                                                                                               00        
0330001300007A00001834100144 000000130812  COLOR VISAO DO BRASIL INDUSTRI6293991             05062023BRL0000000000000000000001584371271001525000100001    05062023000000158437127                                        01          000        
0330001300008B   247747969000194                              00000                                                  00000000  050620230000001584371270000000000000000000000000000000000000000000000000000000000000000                          
0330001300009ZE7AC3A1581592B6E8BE9760                                         PGTFORNB05062023900000416                                                                                                                               00        
03300015         000011000000000409468911000000000000000000030605                                                                                                                                                                               
03399999         000001000013000000                                                                                                                                                                                                             
