03300000         2410969820001440033227100490679498002271 0000130439749 7S FIDC                       BANCO SANTANDER BRASIL SA               20407202316204000153906001600                                                                     
03300011C2003031 2410969820001440033227100490679498002271 0000130439749 7S FIDC                                                               AV BRIGADEIRO FARIA LIMA      01355ANDAR 3        SAO PAULO                   SP01                
0330001300001A00001834100144X0000000130812XCOLOR VISAO DO BRASIL INDUSTRI6382083             04072023BRL0000000000000010000003644428291001539000100001    04072023000000364442829                                          00010     0BD        
0330001300002B   247747969000194                                                                                               040720230000003644428290000000000000000000000000000000000000000000000000000000000001620           0              
03300015         000004000000000364442829000000000000000000                                                                                                                                                                                     
03399999         000001000006000000                                                                                                                                                                                                             
