03300000         2299701810001600033227100490618702202271 0000130778491 LINK BANK FIDC NP - SUBORDINADBANCO SANTANDER                         213042021123521508093060                                                                          
03300011C2003030 2299701810001600033227100490618702202271 0000130778491 LINK BANK FIDC NP - SUBORDINAD                                                                                                                                          
0330001300001A00001836300001 0000000419616 LINK BANK FIDC NP - SUBORDINAD346583              13042021BRL0              0000000005500001508093000100001    13042021000000000550000                                          00010     0BD
0330001300002B   229970181000160                                                                                               000000000000000000000000000000000000000000000000000000000000000000000000000000000000000               0          
03300015         000004000000000000550000000000000000000000                                                                                                                                                                                     
03399999         000001000006000000                                                                                                                                                                                                             
