03300000         2410969820001440033227100490679498002271 0000130439749 7S FUNDO DE INVESTIMENTO EM DISANTANDER                               22106202301445100043806000000                                                                     
03300011C2003031 2410969820001440033227100490679498002271 0000130439749 7S FUNDO DE INVESTIMENTO EM DI                                                                      00000                                   00000000                    
0330001300001A00001834100144 000000130812  COLOR VISAO DO BRASIL INDUSTRI6344440             21062023BRL0000000000000000000000879132861001532000100001    21062023000000087913286                                        01          000        
0330001300002B   247747969000194                              00000                                                  00000000  210620230000000879132860000000000000000000000000000000000000000000000000000000000000000                          
0330001300003ZE7AC3A11BE99B2A7CBD2EB7                                         PGTFORNB21062023900000429                                                                                                                               00        
0330001300004A00001834100144 000000130812  COLOR VISAO DO BRASIL INDUSTRI6344441             21062023BRL0000000000000000000000891651221001532000100003    21062023000000089165122                                        01          000        
0330001300005B   247747969000194                              00000                                                  00000000  210620230000000891651220000000000000000000000000000000000000000000000000000000000000000                          
0330001300006ZE7AC3A1766F47AC7B6B2B95                                         PGTFORNB21062023900000430                                                                                                                               00        
03300015         000008000000000177078408000000000000000000030621                                                                                                                                                                               
03399999         000001000010000000                                                                                                                                                                                                             
