03300000         2410969820001440033227100490679498002271 0000130439749 7S FIDC                       BANCO SANTANDER BRASIL SA               22407202310101200154806001600                                                                     
03300011C2003031 2410969820001440033227100490679498002271 0000130439749 7S FIDC                                                               AV BRIGADEIRO FARIA LIMA      01355ANDAR 3        SAO PAULO                   SP01                
0330001300001A00001834100144X0000000130812XCOLOR VISAO DO BRASIL INDUSTRI6434042             24072023BRL0000000000000010000001516591841001548000100001    24072023000000151659184                                          00010     0BD        
0330001300002B   247747969000194                                                                                               240720230000001516591840000000000000000000000000000000000000000000000000000000000001010           0              
0330001300003A00001834100144X0000000130812XCOLOR VISAO DO BRASIL INDUSTRI6434043             24072023BRL0000000000000010000002688601461001548000100003    24072023000000268860146                                          00010     0BD        
0330001300004B   247747969000194                                                                                               240720230000002688601460000000000000000000000000000000000000000000000000000000000001010           0              
03300015         000006000000000420519330000000000000000000                                                                                                                                                                                     
03399999         000001000008000000                                                                                                                                                                                                             
